@article{kostin_article,
    title={Бифуркация резонансных колебаний и оптимизация тригонометрического импульса по коэффициенту несимметрии},
    author={Костин, Д В},
    journal={Математический сборник},
    pages={90--109},
    year={2016},
    address = {М.},
    publisher={Математический институт им. В.А. Стеклова Российской академии наук}
}

@book{savinov,
    title = {Вибрационный метод погружения свай и его применение в строительстве},
    author = {Савинов, О А and Лускин, А Я},
    address = {М.},
    publisher = {Государственное издательство литературы по строительству, архитектуре и строительным материалам},
    year = 1960
}

@book{Lavendala,
    title = {Вибрации в технике, Т. 4. Вибрационные процессы и машины},
    author = {Лавендела, Э Э},
    address = {М.},
    year = 1981
}

@book{blehman,
    title = {Вибрационная механика},
    author = {Блехман, И И},
    address = {М.},
    publisher = {Физико-математическая литература},
    year = 1994
}
